<record><leader>00000cas a22000007a 4500</leader><controlfield tag="001">8772867</controlfield><controlfield tag="008">820914d18751879coudn ne      0   a0eng  </controlfield><datafield ind1=" " ind2=" " tag="010"><subfield code="a">sn 82014227 </subfield></datafield><datafield ind1=" " ind2=" " tag="040"><subfield code="a">DLC</subfield><subfield code="b">eng</subfield><subfield code="c">DLC</subfield><subfield code="d">NPX</subfield><subfield code="d">NPT</subfield><subfield code="d">DLC</subfield><subfield code="d">CNQ</subfield></datafield><datafield ind1=" " ind2=" " tag="019"><subfield code="a">191105331</subfield></datafield><datafield ind1="1" ind2=" " tag="029"><subfield code="a">AU@</subfield><subfield code="b">000025814891</subfield></datafield><datafield ind1=" " ind2=" " tag="042"><subfield code="a">msc</subfield></datafield><datafield ind1=" " ind2=" " tag="043"><subfield code="a">n-us-co</subfield></datafield><datafield ind1="0" ind2="0" tag="050"><subfield code="a">Newspaper 7211-X</subfield></datafield><datafield ind1="0" ind2="0" tag="245"><subfield code="a">Denver daily tribune.</subfield></datafield><datafield ind1=" " ind2=" " tag="260"><subfield code="a">Denver, Colo. :</subfield><subfield code="b">Herman Beckurts,</subfield></datafield><datafield ind1=" " ind2=" " tag="300"><subfield code="a">v.</subfield></datafield><datafield ind1=" " ind2=" " tag="310"><subfield code="a">Daily (except Sun.)</subfield></datafield><datafield ind1="0" ind2=" " tag="362"><subfield code="a">Vol. 10, no. 254 (Oct. 25, 1875)-</subfield></datafield><datafield ind1="1" ind2=" " tag="362"><subfield code="a">Ceased in 1879?</subfield></datafield><datafield ind1=" " ind2=" " tag="530"><subfield code="a">Available on microfilm from the Colorado Historical Society.</subfield></datafield><datafield ind1=" " ind2=" " tag="752"><subfield code="a">United States</subfield><subfield code="b">Colorado</subfield><subfield code="c">Denver</subfield><subfield code="d">Denver.</subfield></datafield><datafield ind1=" " ind2=" " tag="752"><subfield code="a">United States</subfield><subfield code="b">Colorado</subfield><subfield code="c">Arapahoe</subfield><subfield code="d">Denver.</subfield></datafield><datafield ind1="0" ind2=" " tag="775"><subfield code="t">Denver tribune (Denver, Colo. : Weekly)</subfield><subfield code="w">(DLC)sn 84022332</subfield></datafield><datafield ind1="0" ind2="0" tag="780"><subfield code="t">Denver tribune (Denver, Colo. : 1871)</subfield><subfield code="w">(DLC)sn 84022331</subfield></datafield><datafield ind1="0" ind2="0" tag="785"><subfield code="t">Denver tribune (Denver, Colo. : 1879)</subfield><subfield code="w">(DLC)sn 86063227</subfield></datafield></record>